
@article{DBLP:journals/corr/MansinghkaSJPGT15,
  author    = {Vikash K. Mansinghka and
               Patrick Shafto and
               Eric Jonas and
               Cap Petschulat and
               Max Gasner and
               Joshua B. Tenenbaum},
  title     = {CrossCat: {A} Fully Bayesian Nonparametric Method for Analyzing Heterogeneous,
               High Dimensional Data},
  journal   = {CoRR},
  volume    = {abs/1512.01272},
  year      = {2015},
  url       = {http://arxiv.org/abs/1512.01272},
  archivePrefix = {arXiv},
  eprint    = {1512.01272},
  timestamp = {Wed, 07 Jun 2017 14:41:58 +0200},
  biburl    = {http://dblp.org/rec/bib/journals/corr/MansinghkaSJPGT15},
  bibsource = {dblp computer science bibliography, http://dblp.org}
}

@article{DBLP:journals/corr/SaadCM17,
  author    = {Feras Saad and
               Leonardo Casarsa and
               Vikash K. Mansinghka},
  title     = {Probabilistic Search for Structured Data via Probabilistic Programming
               and Nonparametric Bayes},
  journal   = {CoRR},
  volume    = {abs/1704.01087},
  year      = {2017},
  url       = {http://arxiv.org/abs/1704.01087},
  archivePrefix = {arXiv},
  eprint    = {1704.01087},
  timestamp = {Wed, 07 Jun 2017 14:42:13 +0200},
  biburl    = {http://dblp.org/rec/bib/journals/corr/SaadCM17},
  bibsource = {dblp computer science bibliography, http://dblp.org}
}

@article{article-A probabilistic model of cross-categorization,
author = {Shafto, Patrick and Kemp, Charles and Mansinghka, Vikash and B Tenenbaum, Joshua},
year = {2011},
month = {03},
pages = {1-25},
title = {A probabilistic model of cross-categorization},
volume = {120},
booktitle = {Cognition}
}
